@misc{b:corsika,
author = {Fabian Schmidt, University of Leeds, UK},
title = {CORSIKA Shower Images},
howpublished = "\url{http://www-zeuthen.desy.de/~jknapp/fs/photon-showers.html}",
year = {2014},
note = "[Online; accessed 16-April-2014]"
}
%-------------------------------------------------------------------------------
@Book{b:fact_auto_cad_drawing,
key = {fact_auto_cad_drawing},
author = {FACT Colaboration},
title = {FACT CAD drawings, \lstinline$CT3-Camera_Cabels_101231.stp$ and \lstinline$Mirror Alignment_single.stp$ exported on \lstinline$2012-12-13T13:06:30+00:00$},
publisher = {ETH Zurich},
year = {2012}
}
%-------------------------------------------------------------------------------
@Book{b:icrc2013,
key = {icrc2013},
author = {FACT Colaboration},
title = {FACT - The First G-APD Cherenkov Telescope: Status and Results},
publisher = {33 RD I NTERNATIONAL C OSMIC R AY C ONFERENCE , R IO DE JANEIRO 2013},
year = {2013}
}
%-------------------------------------------------------------------------------
@Book{b:hegra_cad_drawing,
key = {hegra_cad_drawing},
author = {Max Planck Institute Munich},
title = {Hegra-Teleskop 3-6, Spezifikation fuer ein Air Cherenkov Teleskop, Zeichnungsnummer ACAD 22/11.00.01.0 13.02.1995},
publisher = {Max Planck Institute Muniche},
year = {1995}
}
%-------------------------------------------------------------------------------
@Book{b:annkristin_overkamping,
key = {annkristin_overkamping},
author = {Ann-Kristin Overkemping},
title = {Justage der Spiegel und Simulation der realen Reflektorgeometrie fuer FACT},
publisher = {University of Dortmund},
year = {2012}
}
%-------------------------------------------------------------------------------
@Book{b:mcgill,
key = {mcgill},
author = {A. McCann, D. Hanna and M. McCutcheon},
title = {A New Mirror Alignment System for the VERITAS Telescopes},
publisher = {Department of Physics, McGill University, H3A 2T8, Montreal, QC, Canada},
year = {2009}
}
%-------------------------------------------------------------------------------
@misc{b:HESS2_picture,
  author = {Max-Planck-Instituts fuer Kernphysik, Heidelberg},
  title = {{Close-up of H.E.S.S. II telescope (Credit: H.E.S.S. Collaboration, Stefan Schwarzburg)}},
  howpublished = "\url{http://www.mpi-hd.mpg.de/hfm/HESS/pages/press/2012/HESS_II_first_light/}",
  year = {2013}, 
  note = "[Online; accessed 20-August-2013]"
}
%-------------------------------------------------------------------------------
@Book{b:sccan,
key = {sccan},
author = {F. Arqueros, G. Ros, G. R. Elorza and D. Garc a-Pinto},
title = {A Technique for the Optical Characterization of Imaging
Air-Cherenkov Telescopes},
publisher = {Departamento de F sica At mica, Molecular y Nuclear, Facultad de Ciencias F sicas, Universidad Complutense, Madrid, Spain},
year = {2005}
}
%-------------------------------------------------------------------------------
@Book{b:rollke,
key = {rollke},
author = {Sebastian Rollke},
title = {Diplomarbeit, Untersuchung von Charakteristika von SiPM fuer ihren Einsatz als Photomultiplier in Teleskopen und Vermessung von Ganz-Aluminium-Spiegeln fuer das DWARF-Teleskop },
publisher = {University of Dortmund},
year = {2009}
}
%-------------------------------------------------------------------------------
@Book{b:magic_parabolic,
key = {magic_parabolic},
author = {{D. Bastieri,D. Agguiaro,J. Arnold,C. Bigongiari,F. Dazzi,M. Doro,N. Galante,M. Garczarczyk,E. Lorenz,D. Maniero,M. Mariotti,R. Mirzoyan,A. Moralejo,D. Pascoli,A. Pepato,L. Peruzzo,M. Rebeschini,A. Saggion,P. Sartori,V. Scalzotto,D. Tescaro,and N. Tonello for the MAGIC Collaboration}},
title = {The Mirrors for the MAGIC Telescopes},
publisher = {29th International Cosmic Ray Conference Pune},
year = {2005}
}
@article{VERITAS_optics,
  author = {{Holder, J. et al.}},
  title = {{The First VERITAS Telescope}},
  journal = {Elsevier Science},
  year = {4 February 2008}
}
@article{HESS_I_optics,
  author = {{K. Bernloehr et al.}},
  title = {{The optical system of the H.E.S.S. imaging atmospheric Cherenkov telescopes Part I: layout and components of the system}},
  journal = {Elsevier Science},
  year = {2 February 2008}
}
@Book{FACT_design,
  author = {{FACT collaboration}},
  title = {{Design and operation of FACT - the first G-APD Cherenkov telescope}},
  publisher = {JINST},
  year = {2013}
}
%-------------------------------------------------------------------------------
@mastersthesis{clear_sight,
  author = {Sebastian M{\"u}ller},
  title = {{Clear Sight in Cherenkov Astronomy -- Investigations of Reflector Geometry and Mirror Alignment for the FACT Telescope}},
  school = "TU Dortmund",
  year = "2013/2014"
}
%-------------------------------------------------------------------------------
@Book{Davies_Cotton_1957,
  key = {Davies_Cotton_1957},
  author = {Davies J.M. ,Cotton E.S.},
  title = {{Design of the quartermaster solar furnance}},
  publisher = {The Proceedings of the Solar Furnace Symposium},
  year = {1957}
}
%-------------------------------------------------------------------------------
@Book{christian_woehler,
  author = {Prof. Christian Whoeler et al.},
  title = {{Presentation of early NAMOD in the group for Image Signal Processing}},
  publisher = {TU Dortmund},
  year = {2013/2014}
}
%-------------------------------------------------------------------------------
@Book{forsyth,
  author = {David A. Forsyth and Jean Ponce},
  title = {{Computer Vision -- A Modern Approach}},
  publisher = "Pearson Education Inc., New Jersey U.S.A.",
  year = {2003}
}